@online{cuda:programming, 
     title        = {\cuda{} C Programming Guide}, 
     year         = {2015},
	 month        = {9},
     url          = {https://docs.nvidia.com/cuda/pdf/CUDA_C_Programming_Guide.pdf}, 
}  

@online{cuda:practides,
	title = {\cuda{} C Best Practice Guide},
	year  = {2015},
	month = {9},
	url   = {http://docs.nvidia.com/cuda/pdf/CUDA_C_Best_Practices_Guide.pdf}
}

@online{cuda:thrust,
	title = {Thrust Quick start Guide},
	year  = {2015},
	month = {9},
	url   = {http://docs.nvidia.com/cuda/pdf/Thrust_Quick_Start_Guide.pdf}
}
