%@online{cuda:programming, 
%     title        = {\gls*{cuda} C Programming Guide}, 
%     year         = {2015},
%	 month        = {9},
%     url          = {https://docs.nvidia.com/cuda/pdf/CUDA_C_Programming_Guide.pdf}, 
%}  

%@online{cuda:practides,
%	title = {\gls*{cuda} C Best Practice Guide},
%	year  = {2015},
%	month = {9},
%	url   = {http://docs.nvidia.com/cuda/pdf/CUDA_C_Best_Practices_Guide.pdf}
%}
%     sortkey      = {wiki},
%     label        = {wiki},

%@article{1742-6596-513-5-052010,
%  author={Funke, D. and Hauth, T. and Innocente, V. and Quast, G. and Sanders, P. and Schieferdecker, D.},
%  title={Parallel track reconstruction in {\small CMS} using the cellular automaton approach},
%  journal={Journal of Physics: Conference Series},
%  volume={513},
%  number={5},
%  pages={052010},
%  url={http://stacks.iop.org/1742-6596/513/i=5/a=052010},
%  year={2014},
%  doi={10.1088/1742-6596/513/5/052010},
%}

%@online{google:styleGuide,
%	title = {Google C++ Style Guide},
%	url   = {https://google.github.io/styleguide/cppguide.html}
%}

%@article{Kisel200685,
%	title   = {Event reconstruction in the {\small CBM} experiment},
%	journal = {Nuclear Instruments and Methods in Physics Research Section A},
%	volume  = {566},
%	number  = {1},
%	pages   = {85-88},
%	year    = {2006},
%	issn    = {0168-9002},
%	doi     = {10.1016/j.nima.2006.05.040},
%	url     = {http://www.sciencedirect.com/science/article/pii/S0168900206008151},
%	author  = {Kisel,I.~},
%	keywords = "Event reconstruction",
%	keywords = "Track finding",
%	keywords = "Track fitting",
%	keywords = "Cellular automaton",
%	keywords = "Kalman filter",
%	keywords = "Elastic net",
%	keywords = "CBM ",
%}
%	journal = {Nuclear Instruments and Methods in Physics Research Section A: Accelerators, Spectrometers, Detectors and Associated Equipment},
%	note = {\{TIME\} 2005Proceedings of the 1st Workshop on Tracking in High Multiplicity Environments1st Workshop on Tracking in High Multiplicity Environments},

%@article{plotExpDataPgfplots,
%	title = {Plotting experimental data using \package{pgfplots}},
%	journal = {TUGboat},
%	volume = {31},
%	number = {1},
%	year = {2010},
%	pages = {50-58},
%	author = {Wright,J.~},
%	url = {https://www.tug.org/TUGboat/tb31-1/tb97wright-pgfplots.pdf}
%}

@article{PhysRevD.73.032004,
    title = {Model-independent measurement of S-wave \PKminus\Ppiplus{} systems using $\PDplus\to\PKminus\Ppiplus\Ppiplus$ decays from Fermilab E791},
    author = {Aitala, E. M. and Amato, S. and Anjos, J. C. and Appel, J. A. and Ashery, D. and Banerjee, S. and Bediaga, I. and Blaylock, G. and Bracker, S. B. and Burchat, P. R. and Burnstein, R. A. and Carter, T. and Carvalho, H. S. and Copty, N. K. and Cremaldi, L. M. and Darling, C. and Denisenko, K. and Devmal, S. and Fernandez, A. and Fox, G. F. and Gagnon, P. and Gobel, C. and Gounder, K. and Halling, A. M. and Herrera, G. and Hurvits, G. and James, C. and Kasper, P. A. and Kwan, S. and Langs, D. C. and Leslie, J. and Lundberg, B. and Magnin, J. and Massafferri, A. and MayTal-Beck, S. and Meadows, B. and Neto, J. R. T. de Mello and Mihalcea, D. and Milburn, R. H. and de Miranda, J. M. and Napier, A. and Nguyen, A. and d'Oliveira, A. B. and O'Shaughnessy, K. and Peng, K. C. and Perera, L. P. and Purohit, M. V. and Quinn, B. and Radeztsky, S. and Rafatian, A. and Reay, N. W. and Reidy, J. J. and dos Reis, A. C. and Rubin, H. A. and Sanders, D. A. and Santha, A. K. S. and Santoro, A. F. S. and Schwartz, A. J. and Sheaff, M. and Sidwell, R. A. and Slaughter, A. J. and Sokoloff, M. D. and Solano, J. and Stanton, N. R. and Stefanski, R. J. and Stenson, K. and Summers, D. J. and Takach, S. and Thorne, K. and Tripathi, A. K. and Watanabe, S. and Weiss-Babai, R. and Wiener, J. and Witchey, N. and Wolin, E. and Yang, S. M. and Yi, D. and Yoshida, S. and Zaliznyak, R. and Zhang, C. and Dunwoodie, W. M.},
    collaboration = {Fermilab E791 Collaboration},
    journal = {Phys.~Rev.~D},
    volume = {73},
    issue = {3},
    pages = {032004},
    numpages = {16},
    year = {2006},
    month = {2},
    publisher = {American Physical Society},
    doi = {10.1103/PhysRevD.73.032004},
}
%url = {http://link.aps.org/doi/10.1103/PhysRevD.73.032004}

@article{Link200914,
    title   = "The $\PKminus\Ppiplus$ S-wave from the decay $\PDplus \to \PKminus\Ppiplus\Ppiplus$",
    journal = "Physics Letters B",
    volume  = "681",
    number  = "1",
    pages   = "14 - 21",
    year    = "2009",
    note    = "",
    issn    = "0370-2693",
    doi     = "10.1016/j.physletb.2009.09.057",
    author  = "J.M. Link and P.M. Yager and J.C. Anjos and I. Bediaga and C. Castromonte and A.A. Machado and J. Magnin and A. Massafferri and J.M. de Miranda and I.M. Pepe and E. Polycarpo and A.C. dos Reis and S. Carrillo and E. Cuautle and A. Sánchez-Hernández and C. Uribe and F. Vázquez and L. Agostino and L. Cinquini and J.P. Cumalat and V. Frisullo and B. O'Reilly and I. Segoni and K. Stenson and J.N. Butler and H.W.K. Cheung and G. Chiodini and I. Gaines and P.H. Garbincius and L.A. Garren and E. Gottschalk and P.H. Kasper and A.E. Kreymer and R. Kutschke and M. Wang and L. Benussi and S. Bianco and F.L. Fabbri and A. Zallo and E. Casimiro and M. Reyes and C. Cawlfield and D.Y. Kim and A. Rahimi and J. Wiss and R. Gardner and A. Kryemadhi and Y.S. Chung and J.S. Kang and B.R. Ko and J.W. Kwak and K.B. Lee and K. Cho and H. Park and G. Alimonti and S. Barberis and M. Boschini and A. Cerutti and P. D'Angelo and M. DiCorato and P. Dini and L. Edera and S. Erba and P. Inzani and F. Leveraro and S. Malvezzi and D. Menasce and M. Mezzadri and L. Moroni and D. Pedrini and C. Pontoglio and F. Prelz and M. Rovere and S. Sala and T.F. Davenport III and V. Arena and G. Boca and G. Bonomi and G. Gianini and G. Liguori and D. Lopes Pegna and M.M. Merlo and D. Pantea and S.P. Ratti and C. Riccardi and P. Vitulo and C. Göbel and J. Otalora and H. Hernandez and A.M. Lopez and H. Mendez and A. Paris and J. Quinones and J.E. Ramirez and Y. Zhang and J.R. Wilson and T. Handler and R. Mitchell and D. Engh and M. Hosack and W.E. Johns and E. Luiggi and J.E. Moore and M. Nehring and P.D. Sheldon and E.W. Vaandering and M. Webster and M. Sheaff",
}
%url     = "http://www.sciencedirect.com/science/article/pii/S0370269309011496",

@book{stl_meyers,
    title     = {Effective \acs{stl}: 50 specific ways to improve your use of the \acl{stl}},
    author    = {Meyers, S.},
    year      = {2001},
    month     = {7},
    publisher = {Addison-Wesley},
    series    = {Addison-Wesley Professional Computing Series},
    isbn      = {978-0-201-74962-5}
}

@book{effective_cpp_meyers,
    title     = {Effective C++: 55 specific ways to improve your programs and designs},
    author    = {Meyers, S.},
    year      = {2005},
    month     = {6},
    publisher = {Addison-Wesley},
    series    = {Addison-Wesley Professional Computing Series},
    isbn      = {978-0-321-33487-9}
}

@book{effective_modern_cpp_meyers,
    title     = {Effective modern C++: 42 specific ways to improve your use of C++11 and C++14},
    author    = {Meyers, S.},
    year      = {2014},
    month     = {11},
    publisher = {O'Reilly Media},
    isbn      = {978-1-409-90399-5}
}
  	
@article{chinese_phisics,
    author        = {Olive, K.A. and others},
    title         = {Review of particle physics},
    collaboration = {Particle Data Group},
    journal       = {Chin.~Phys.~C},
    volume        = {38},
    number        = {9},
    pages         = {090001},
    doi           = {10.1088/1674-1137/38/9/090001},
    year          = {2014},
}
%url           = {http://iopscience.iop.org/article/10.1088/1674-1137/38/9/090001},

@article{Bevan:2014iga,
    author        = "Bevan, A.J. and others",
    title         = "{The physics of the \PB{} factories}",
    collaboration = "Belle, BaBar",
    journal       = "Eur.~Phys.~J.",
    volume        = "C74",
    year          = "2014",
    pages         = "3026",
    doi           = "10.1140/epjc/s10052-014-3026-9",
    eprint        = "1406.6311",
    archivePrefix = "arXiv",
    primaryClass  = "hep-ex",
}


@article{Caldwell20092197,
    title    = "\pacs{bat}~---~The \acl{bat}",
    journal  = "Computer Physics Communications",
    volume   = "180",
    number   = "11",
    pages    = "2197 - 2209",
    year     = "2009",
    issn     = "0010-4655",
    doi      = "10.1016/j.cpc.2009.06.026",
    author   = "Caldwell, A. and Koll\'ar, D. and Kr\"oninger, K.",
}
%url      = "http://www.sciencedirect.com/science/article/pii/S0010465509002045",

@article{PhysRevD.76.012001,
    title = {Dalitz plot analysis of the $\PDplus \to \Ppiplus\Ppiminus\Ppiplus$ decay},
    author = {Bonvicini, G. and Cinabro, D. and Dubrovin, M. and Lincoln, A. and Asner, D. M. and Edwards, K. W. and Naik, P. and Briere, R. A. and Ferguson, T. and Tatishvili, G. and Vogel, H. and Watkins, M. E. and Rosner, J. L. and Adam, N. E. and Alexander, J. P. and Cassel, D. G. and Duboscq, J. E. and Ehrlich, R. and Fields, L. and Galik, R. S. and Gibbons, L. and Gray, R. and Gray, S. W. and Hartill, D. L. and Heltsley, B. K. and Hertz, D. and Jones, C. D. and Kandaswamy, J. and Kreinick, D. L. and Kuznetsov, V. E. and Mahlke-Kr\"uger, H. and Mohapatra, D. and Onyisi, P. U. E. and Patterson, J. R. and Peterson, D. and Pivarski, J. and Riley, D. and Ryd, A. and Sadoff, A. J. and Schwarthoff, H. and Shi, X. and Stroiney, S. and Sun, W. M. and Wilksen, T. and Athar, S. B. and Patel, R. and Yelton, J. and Rubin, P. and Cawlfield, C. and Eisenstein, B. I. and Karliner, I. and Kim, D. and Lowrey, N. and Selen, M. and White, E. J. and Wiss, J. and Mitchell, R. E. and Shepherd, M. R. and Besson, D. and Pedlar, T. K. and Cronin-Hennessy, D. and Gao, K. Y. and Hietala, J. and Kubota, Y. and Klein, T. and Lang, B. W. and Poling, R. and Scott, A. W. and Smith, A. and Zweber, P. and Dobbs, S. and Metreveli, Z. and Seth, K. K. and Tomaradze, A. and Ernst, J. and Ecklund, K. M. and Severini, H. and Love, W. and Savinov, V. and Aquines, O. and Lopez, A. and Mehrabyan, S. and Mendez, H. and Ramirez, J. and Huang, G. S. and Miller, D. H. and Pavlunin, V. and Sanghi, B. and Shipsey, I. P. J. and Xin, B. and Adams, G. S. and Anderson, M. and Cummings, J. P. and Danko, I. and Hu, D. and Moziak, B. and Napolitano, J. and He, Q. and Insler, J. and Muramatsu, H. and Park, C. S. and Thorndike, E. H. and Yang, F. and Artuso, M. and Blusk, S. and Butt, J. and Horwitz, N. and Khalil, S. and Li, J. and Menaa, N. and Mountain, R. and Nisar, S. and Randrianarivony, K. and Sia, R. and Skwarnicki, T. and Stone, S. and Wang, J. C.},
    collaboration = {CLEO Collaboration},
    journal = {Phys. Rev. D},
    volume = {76},
    issue = {1},
    pages = {012001},
    numpages = {20},
    year = {2007},
    month = {07},
    publisher = {American Physical Society},
    doi = {10.1103/PhysRevD.76.012001},
}
%url = {http://link.aps.org/doi/10.1103/PhysRevD.76.012001}

@online{evtgen_manual,
    title  = {EvtGen, A Monte Carlo Generator for \PB-Physics},
    author = {Ryd, A. and Lange, D. and Kuznetsova, N. and Versille, S. and Rotondo, M. and Kirkby, D. and Wuerthwein, F. and Ishikawa, A.},
    date   = {2004-02-05},
    url    = {http://robbep.home.cern.ch/robbep/EvtGen/GuideEvtGen.pdf}
}

@book{griffiths_intro_qm,
    title     = {Introduction to quantum mechanics},
    author    = {Griffiths, D.J.},
    isbn      = {0-13-124405-1},
    publisher = {Prentice Hall},
    year      = {1995}
}

@article{PhysRev.140.B97,
    title     = {Use of angular-momentum tensors},
    author    = {Zemach, C.},
    journal   = {Phys. Rev.},
    volume    = {140},
    issue     = {1B},
    pages     = {B97--B108},
    numpages  = {0},
    year      = {1965},
    month     = {10},
    publisher = {American Physical Society},
    doi       = {10.1103/PhysRev.140.B97},
}
%url       = {http://link.aps.org/doi/10.1103/PhysRev.140.B97}

@article{jacob1959404,
    title   = "On the general theory of collisions for particles with spin",
    journal = "Annals of Physics",
    volume  = "7",
    number  = "4",
    pages   = "404--428",
    year    = "1959",
    issn    = "0003-4916",
    doi     = "10.1016/0003-4916(59)90051-X",
    author  = "M. Jacob and G.C. Wick",
}
%url     = "http://www.sciencedirect.com/science/article/pii/000349165990051X",


@article{PhysRevD.71.054030,
    title     = {Final state interactions in hadronic \PD{} decays},
    author    = {Oller, J.A.},
    journal   = {Phys.~Rev.~D},
    volume    = {71},
    issue     = {5},
    pages     = {054030},
    numpages  = {12},
    year      = {2005},
    month     = {03},
    publisher = {American Physical Society},
    doi       = {10.1103/PhysRevD.71.054030},
}
%url       = {http://link.aps.org/doi/10.1103/PhysRevD.71.054030}

