@online{cuda:programming, 
     title        = {CUDA C Programming Guide}, 
     year         = {2015},
	 month        = {9},
     url          = {https://docs.nvidia.com/cuda/pdf/CUDA_C_Programming_Guide.pdf}, 
}  
%     sortkey      = {wiki},
%     label        = {wiki},
